@article{yu2016seqgan,
  title={SeqGAN: Sequence Generative Adversarial Nets with Policy Gradient},
  author={Yu, Lantao and Zhang, Weinan and Wang, Jun and Yu, Yong},
  journal={arXiv preprint arXiv:1609.05473},
  year={2016}
}

@article{jang2016categorical,
  title={Categorical Reparameterization with Gumbel-Softmax},
  author={Jang, Eric and Gu, Shixiang and Poole, Ben},
  journal={arXiv preprint arXiv:1611.01144},
  year={2016}
}

@inproceedings{goodfellow2014generative,
  title={Generative adversarial nets},
  author={Goodfellow, Ian and Pouget-Abadie, Jean and Mirza, Mehdi and Xu, Bing and Warde-Farley, David and Ozair, Sherjil and Courville, Aaron and Bengio, Yoshua},
  booktitle={Advances in Neural Information Processing Systems},
  pages={2672--2680},
  year={2014}
}

@inproceedings{denton2015deep,
  title={Deep Generative Image Models using a {Laplacian} Pyramid of Adversarial Networks},
  author={Denton, Emily L and Chintala, Soumith and Fergus, Rob and others},
  booktitle={Advances in neural information processing systems},
  pages={1486--1494},
  year={2015}
}

@inproceedings{radford2016,
  title={Unsupervised Representation Learning with Deep Convolutional Generative Adversarial Networks},
  author={Alec Radford and Luke Metz and Soumith Chintala},
  booktitle={ICLR},
  year={2016}
}

@article{dosovitskiy2016generating,
  title={Generating images with perceptual similarity metrics based on deep networks},
  author={Dosovitskiy, Alexey and Brox, Thomas},
  journal={arXiv preprint arXiv:1602.02644},
  year={2016}
}

